% Encoding: UTF-8

@Manual{ControlGroupV2,
  author   = {Tejun Heo},
  title    = {Control Group v2},
  year     = {2015},
  language = {Englisch},
  type     = {techreport},
  url      = {https://www.kernel.org/doc/Documentation/cgroup-v2.txt},
}

@Book{Docker:up&Running:ShippingReliableContainersinProduction,
  author       = {Karl Matthias and Sean P. Kane},
  title        = {Docker: Up \& Running: Shipping Reliable Containers in Production},
  year         = {2015},
  origlanguage = {Englisch},
  publisher    = {O'Reilly Media},
  isbn         = {978-1-491-91757-2},
  url          = {https://www.amazon.com/Docker-Shipping-Reliable-Containers-Production/dp/1491917571?SubscriptionId=0JYN1NVW651KCA56C102&tag=techkie-20&linkCode=xm2&camp=2025&creative=165953&creativeASIN=1491917571},
}

@Online{BuildingMinimalContainersGettingWeirdwithContainers,
  author       = {Brian "Readbeard" Harrington},
  title        = {Building minimal Containers},
  year         = {2015},
  date         = {2015-07-31},
  url          = {https://www.youtube.com/watch?v=gMpldbcMHuI},
  subtitle     = {Getting Weird with Containers},
  organization = {CoreOS},
}

@Online{ContainersfromScratch,
  author = {Eric Chiang},
  title  = {Containers from Scratch},
  date   = {2017-06-06},
  url    = {https://www.youtube.com/watch?v=wyqoi52k5jM},
}

@WWW{OpenContainerInitiative,
  author = {Open Container Initiative},
  title  = {Open Container Initiative},
  url    = {https://github.com/opencontainers},
}

@Comment{jabref-meta: databaseType:biblatex;}
